<collection xmlns="http://www.loc.gov/MARC21/slim">
   <record>
      <leader>03009cam a2200565 i 4500</leader>
      <controlfield tag="001">6775920</controlfield>
      <controlfield tag="003">OCoLC</controlfield>
      <controlfield tag="005">20141226161211.0</controlfield>
      <controlfield tag="008">140718t20152015onca   j b    001 0 eng  </controlfield>
      <datafield ind1=" " ind2=" " tag="010">
         <subfield code="a">  2014027800</subfield>
      </datafield>
      <datafield ind1=" " ind2=" " tag="020">
         <subfield code="a">9780778712923 (reinforced library binding)</subfield>
      </datafield>
      <datafield ind1=" " ind2=" " tag="020">
         <subfield code="a">0778712923 (reinforced library binding)</subfield>
      </datafield>
      <datafield ind1=" " ind2=" " tag="020">
         <subfield code="a">9780778713104 (pbk.)</subfield>
      </datafield>
      <datafield ind1=" " ind2=" " tag="020">
         <subfield code="a">0778713105 (pbk.)</subfield>
      </datafield>
      <datafield ind1=" " ind2=" " tag="020">
         <subfield code="z">9781427177612 (electronic pdf)</subfield>
      </datafield>
      <datafield ind1=" " ind2=" " tag="020">
         <subfield code="z">9781427177575 (electronic html)</subfield>
      </datafield>
      <datafield ind1=" " ind2=" " tag="035">
         <subfield code="a">ocn884440147</subfield>
      </datafield>
      <datafield ind1=" " ind2=" " tag="040">
         <subfield code="a">DLC</subfield>
         <subfield code="b">eng</subfield>
         <subfield code="e">rda</subfield>
         <subfield code="c">DLC</subfield>
         <subfield code="d">IG#</subfield>
         <subfield code="d">OCLCO</subfield>
         <subfield code="d">UPZ</subfield>
         <subfield code="d">UAB</subfield>
      </datafield>
      <datafield ind1="0" ind2="0" tag="050">
         <subfield code="a">PE1271</subfield>
         <subfield code="b">.J58 2015</subfield>
      </datafield>
      <datafield ind1="0" ind2="0" tag="082">
         <subfield code="a">425/.6</subfield>
         <subfield code="2">23</subfield>
      </datafield>
      <datafield ind1=" " ind2=" " tag="090">
         <subfield code="a">PE 1271 J54 2015</subfield>
         <subfield code="b">AEKC</subfield>
      </datafield>
      <datafield ind1=" " ind2=" " tag="090">
         <subfield code="a">PE 1271 J58 2015</subfield>
         <subfield code="b">AEU</subfield>
      </datafield>
      <datafield ind1="1" ind2=" " tag="100">
         <subfield code="a">Johnson, Robin</subfield>
         <subfield code="q">(Robin R.),</subfield>
         <subfield code="e">author.</subfield>
         <subfield code="0">http://id.loc.gov/authorities/names/n2005060943</subfield>
         <subfield code="0">http://viaf.org/viaf/19092345</subfield>
      </datafield>
      <datafield ind1="1" ind2="4" tag="245">
         <subfield code="a">The Word Wizard's book of verbs /</subfield>
         <subfield code="c">Robin Johnson.</subfield>
      </datafield>
      <datafield ind1="3" ind2="0" tag="246">
         <subfield code="a">Book of verbs</subfield>
      </datafield>
      <datafield ind1=" " ind2="1" tag="264">
         <subfield code="a">St. Catharines, Ontario ;</subfield>
         <subfield code="a">New York, New York :</subfield>
         <subfield code="b">Crabtree Publishing Company,</subfield>
         <subfield code="c">[2015]</subfield>
      </datafield>
      <datafield ind1=" " ind2="4" tag="264">
         <subfield code="c">©2015</subfield>
      </datafield>
      <datafield ind1=" " ind2=" " tag="300">
         <subfield code="a">24 pages :</subfield>
         <subfield code="b">color illustrations ;</subfield>
         <subfield code="c">25 cm.</subfield>
      </datafield>
      <datafield ind1=" " ind2=" " tag="336">
         <subfield code="a">text</subfield>
         <subfield code="2">rdacontent</subfield>
         <subfield code="0">http://id.loc.gov/vocabulary/contentTypes/txt</subfield>
      </datafield>
      <datafield ind1=" " ind2=" " tag="336">
         <subfield code="a">still image</subfield>
         <subfield code="2">rdacontent</subfield>
         <subfield code="0">http://id.loc.gov/vocabulary/contentTypes/sti</subfield>
      </datafield>
      <datafield ind1=" " ind2=" " tag="337">
         <subfield code="a">unmediated</subfield>
         <subfield code="2">rdamedia</subfield>
         <subfield code="0">http://id.loc.gov/vocabulary/mediaTypes/n</subfield>
      </datafield>
      <datafield ind1=" " ind2=" " tag="338">
         <subfield code="a">volume</subfield>
         <subfield code="2">rdacarrier</subfield>
         <subfield code="0">http://id.loc.gov/vocabulary/carriers/nc</subfield>
      </datafield>
      <datafield ind1="1" ind2=" " tag="490">
         <subfield code="a">Word Wizard</subfield>
      </datafield>
      <datafield ind1=" " ind2=" " tag="504">
         <subfield code="a">Includes bibliographical references and index.</subfield>
      </datafield>
      <datafield ind1="0" ind2=" " tag="505">
         <subfield code="a">Magic words -- What are verbs? -- Verbs in sentences -- Verbs must agree -- Verb tenses -- Irregular verbs -- Antonyms -- Synonyms -- Shades of meaning -- Stay strong.</subfield>
      </datafield>
      <datafield ind1=" " ind2=" " tag="520">
         <subfield code="a">The Word Wizard gives readers a potion that helps them understand concepts such as verb tense, shades of meaning, and how using strong action verbs can make your words hop, jump, or leap off the page!</subfield>
      </datafield>
      <datafield ind1="0" ind2=" " tag="521">
         <subfield code="a">K to Grade 3.</subfield>
      </datafield>
      <datafield ind1="1" ind2=" " tag="521">
         <subfield code="a">5-8.</subfield>
      </datafield>
      <datafield ind1=" " ind2=" " tag="590">
         <subfield code="a">University of Alberta copy in the Canadian Children's Book Centre Depository Collection.</subfield>
      </datafield>
      <datafield ind1=" " ind2=" " tag="596">
         <subfield code="a">31 41</subfield>
      </datafield>
      <datafield ind1=" " ind2="0" tag="650">
         <subfield code="a">English language</subfield>
         <subfield code="x">Verb</subfield>
         <subfield code="v">Juvenile literature.</subfield>
         <subfield code="0">http://id.loc.gov/authorities/subjects/sh2008119658</subfield>
      </datafield>
      <datafield ind1=" " ind2="0" tag="650">
         <subfield code="a">English language</subfield>
         <subfield code="x">Parts of speech</subfield>
         <subfield code="v">Juvenile literature.</subfield>
      </datafield>
      <datafield ind1=" " ind2="0" tag="650">
         <subfield code="a">English language</subfield>
         <subfield code="x">Grammar</subfield>
         <subfield code="v">Juvenile literature.</subfield>
         <subfield code="0">http://id.loc.gov/authorities/subjects/sh2008103159</subfield>
      </datafield>
      <datafield ind1=" " ind2=" " tag="758">
         <subfield code="0">http://worldcat.org/entity/work/id/2070544762</subfield>
      </datafield>
      <datafield ind1="0" ind2=" " tag="787">
         <subfield code="n">OCLC Work Id</subfield>
         <subfield code="o">http://worldcat.org/entity/work/id/2070544762</subfield>
      </datafield>
      <datafield ind1="1" ind2=" " tag="800">
         <subfield code="a">Johnson, Robin</subfield>
         <subfield code="q">(Robin R.).</subfield>
         <subfield code="t">Word Wizard.</subfield>
      </datafield>
      <datafield ind1=" " ind2=" " tag="949">
         <subfield code="a">PE 1271 J58 2015</subfield>
         <subfield code="c">1</subfield>
         <subfield code="h">UAED-CU-B</subfield>
         <subfield code="i">0162035217775</subfield>
      </datafield>
      <datafield ind1=" " ind2=" " tag="926">
         <subfield code="a">PE 1271 J58 2015</subfield>
         <subfield code="w">LC</subfield>
         <subfield code="c">1</subfield>
         <subfield code="i">0162035217775</subfield>
         <subfield code="d">11/23/2015</subfield>
         <subfield code="e">11/12/2015</subfield>
         <subfield code="l">CURRICULUM</subfield>
         <subfield code="m">UAEDUC</subfield>
         <subfield code="n">1</subfield>
         <subfield code="p">$150.00</subfield>
         <subfield code="r">Y</subfield>
         <subfield code="s">Y</subfield>
         <subfield code="t">BOOK</subfield>
         <subfield code="u">1/14/2015</subfield>
      </datafield>
      <datafield ind1=" " ind2=" " tag="926">
         <subfield code="a">PE 1271 J58 2015</subfield>
         <subfield code="w">LC</subfield>
         <subfield code="c">2</subfield>
         <subfield code="i">0162034252633</subfield>
         <subfield code="l">CCBCC</subfield>
         <subfield code="m">UAEDUC</subfield>
         <subfield code="p">$150.00</subfield>
         <subfield code="r">Y</subfield>
         <subfield code="s">Y</subfield>
         <subfield code="t">NO_LOAN</subfield>
         <subfield code="u">4/14/2015</subfield>
      </datafield>
      <datafield ind1=" " ind2=" " tag="926">
         <subfield code="a">PE 1271 J54 2015</subfield>
         <subfield code="w">LC</subfield>
         <subfield code="c">1</subfield>
         <subfield code="i">3197900600520</subfield>
         <subfield code="d">11/5/2015</subfield>
         <subfield code="e">10/25/2015</subfield>
         <subfield code="l">CURRICULUM</subfield>
         <subfield code="m">KINGS</subfield>
         <subfield code="n">2</subfield>
         <subfield code="r">Y</subfield>
         <subfield code="s">Y</subfield>
         <subfield code="t">BOOK</subfield>
         <subfield code="u">3/25/2015</subfield>
      </datafield>
   </record>
</collection>
